<record><leader>00000cas a22000007a 4500</leader><controlfield tag="001">23378284</controlfield><controlfield tag="008">910405d18821883ohuwr ne      0    0eng d</controlfield><datafield ind1=" " ind2=" " tag="010"><subfield code="a">sn 91069632 </subfield></datafield><datafield ind1=" " ind2=" " tag="040"><subfield code="a">ONP</subfield><subfield code="b">eng</subfield><subfield code="c">ONP</subfield><subfield code="d">OCLCQ</subfield></datafield><datafield ind1=" " ind2=" " tag="042"><subfield code="a">msc</subfield></datafield><datafield ind1="0" ind2="0" tag="245"><subfield code="a">Walnut Hills news.</subfield></datafield><datafield ind1=" " ind2=" " tag="260"><subfield code="a">Walnut Hills [Ohio] :</subfield><subfield code="b">Amos Moore</subfield></datafield><datafield ind1=" " ind2=" " tag="300"><subfield code="a">v.</subfield></datafield><datafield ind1=" " ind2=" " tag="310"><subfield code="a">Weekly</subfield></datafield><datafield ind1="1" ind2=" " tag="362"><subfield code="a">Began in 1882; ceased in 1883.</subfield></datafield><datafield ind1=" " ind2=" " tag="588"><subfield code="a">Description based on: Vol. 11, no. 14 (Jan. 28, 1882).</subfield></datafield><datafield ind1=" " ind2=" " tag="752"><subfield code="a">United States</subfield><subfield code="b">Ohio</subfield><subfield code="c">Hamilton</subfield><subfield code="d">Walnut Hills.</subfield></datafield><datafield ind1="0" ind2="0" tag="780"><subfield code="t">Our village news</subfield><subfield code="w">(DLC)sn 91069633</subfield></datafield><datafield ind1="0" ind2="0" tag="785"><subfield code="t">Cincinnati suburban news</subfield><subfield code="w">(DLC)sn 91069479</subfield></datafield></record>